@article{python,
    author={Guido van Rossum},
    title={PEP 617 -- New PEG parser for CPython},
    year={2020},
    url={https://www.python.org/dev/peps/pep-0617/}
    }


@article{peg,
author = {Ford, Bryan},
title = {Parsing Expression Grammars: A Recognition-Based Syntactic Foundation},
year = {2004},
issue_date = {January 2004},
publisher = {Association for Computing Machinery},
address = {New York, NY, USA},
volume = {39},
number = {1},
issn = {0362-1340},
url = {https://doi.org/10.1145/982962.964011},
doi = {10.1145/982962.964011},
journal = {SIGPLAN Not.},
month = jan,
pages = {111â€“122},
numpages = {12},
}

@inproceedings{parr1994adding,
	title={Adding semantic and syntactic predicates to LL (k): pred-LL (k)},
	author={Parr, Terence J and Quong, Russell W},
	booktitle={International Conference on Compiler Construction},
	pages={263--277},
	year={1994},
	organization={Springer}
}

@book{10.5555/578789,
	author = {Aho, Alfred V. and Ullman, Jeffrey D.},
	title = {The Theory of Parsing, Translation, and Compiling},
	year = {1972},
	isbn = {0139145567},
	publisher = {Prentice-Hall, Inc.},
	address = {USA},
}

@phdthesis{birman1970tmg,
	title={The TMG Recognition in Schema.},
	author={Birman, Alexander},
	year={1970},
	school={Citeseer}
}
@article{ford2002packrat,
	title={Packrat parsing: simple, powerful, lazy, linear time, functional pearl},
	author={Ford, Bryan},
	journal={ACM SIGPLAN Notices},
	volume={37},
	number={9},
	pages={36--47},
	year={2002},
	publisher={ACM New York, NY, USA}
}
